[gd_scene load_steps=6 format=2]

[ext_resource path="res://scripts/menu.gd" type="Script" id=1]
[ext_resource path="res://assets/background.svg" type="Texture" id=2]
[ext_resource path="res://assets/menu_background.svg" type="Texture" id=3]
[ext_resource path="res://assets/title.png" type="Texture" id=4]

[sub_resource type="StyleBoxFlat" id=1]

[node name="menu" type="PanelContainer"]
anchor_right = 1.0
anchor_bottom = 1.0
size_flags_horizontal = 3
size_flags_vertical = 3
custom_styles/panel = SubResource( 1 )
script = ExtResource( 1 )

[node name="background" type="TextureRect" parent="."]
margin_right = 1024.0
margin_bottom = 600.0
texture = ExtResource( 2 )
expand = true
stretch_mode = 7

[node name="moon_background" type="TextureRect" parent="."]
margin_right = 1024.0
margin_bottom = 600.0
texture = ExtResource( 3 )
expand = true
stretch_mode = 7

[node name="margin" type="MarginContainer" parent="."]
margin_right = 1024.0
margin_bottom = 600.0
custom_constants/margin_right = 120
custom_constants/margin_top = 80
custom_constants/margin_left = 120
custom_constants/margin_bottom = 80
__meta__ = {
"_edit_use_anchors_": false
}

[node name="hbox" type="HBoxContainer" parent="margin"]
margin_left = 120.0
margin_top = 80.0
margin_right = 904.0
margin_bottom = 520.0

[node name="vbox" type="VBoxContainer" parent="margin/hbox"]
margin_right = 448.0
margin_bottom = 440.0

[node name="title" type="TextureRect" parent="margin/hbox/vbox"]
margin_right = 448.0
margin_bottom = 96.0
texture = ExtResource( 4 )

[node name="HBoxContainer" type="HBoxContainer" parent="margin/hbox/vbox"]
margin_top = 100.0
margin_right = 448.0
margin_bottom = 440.0
size_flags_vertical = 3

[node name="vbox" type="VBoxContainer" parent="margin/hbox/vbox/HBoxContainer"]
margin_right = 315.0
margin_bottom = 340.0
size_flags_horizontal = 3
size_flags_vertical = 3
alignment = 1

[node name="start" type="Button" parent="margin/hbox/vbox/HBoxContainer/vbox"]
margin_top = 142.0
margin_right = 41.0
margin_bottom = 162.0
size_flags_horizontal = 0
size_flags_vertical = 0
disabled = true
text = "Start"

[node name="player_count" type="HBoxContainer" parent="margin/hbox/vbox/HBoxContainer/vbox"]
margin_top = 166.0
margin_right = 315.0
margin_bottom = 180.0

[node name="text" type="Label" parent="margin/hbox/vbox/HBoxContainer/vbox/player_count"]
margin_right = 303.0
margin_bottom = 14.0
text = "This game only supports 1-8 players. There are:"

[node name="count" type="Label" parent="margin/hbox/vbox/HBoxContainer/vbox/player_count"]
margin_left = 307.0
margin_right = 315.0
margin_bottom = 14.0
text = "0"

[node name="players_not_ready" type="Label" parent="margin/hbox/vbox/HBoxContainer/vbox"]
margin_top = 184.0
margin_right = 315.0
margin_bottom = 198.0
text = "Not all players are ready"

[node name="game_settings" type="VBoxContainer" parent="margin/hbox/vbox/HBoxContainer"]
margin_left = 319.0
margin_right = 448.0
margin_bottom = 340.0
size_flags_horizontal = 3
size_flags_vertical = 3

[node name="players" type="VBoxContainer" parent="margin/hbox"]
margin_left = 452.0
margin_right = 452.0
size_flags_horizontal = 0
size_flags_vertical = 0
