[gd_scene load_steps=6 format=2]

[ext_resource path="res://scenes/levels/base_level.tscn" type="PackedScene" id=1]
[ext_resource path="res://scenes/components/dome.tscn" type="PackedScene" id=2]
[ext_resource path="res://scenes/components/large_dish.tscn" type="PackedScene" id=3]
[ext_resource path="res://assets/level_3.svg" type="Texture" id=4]
[ext_resource path="res://scenes/ships/ship_1.tscn" type="PackedScene" id=5]

[node name="level" index="0" instance=ExtResource( 1 )]

[node name="dome" parent="objects" index="0" instance=ExtResource( 2 )]
position = Vector2( 763.028, 3127.99 )

[node name="dome2" parent="objects" index="1" instance=ExtResource( 2 )]
position = Vector2( 2432.83, 3968.21 )
rotation = 0.290079

[node name="dome3" parent="objects" index="2" instance=ExtResource( 2 )]
position = Vector2( 2868.11, 4028 )

[node name="large_dish" parent="objects" index="3" instance=ExtResource( 3 )]
position = Vector2( 5442.01, 3224.77 )
rotation = -0.714685

[node name="large_dish2" parent="objects" index="4" instance=ExtResource( 3 )]
position = Vector2( 5696.9, 2991.36 )
rotation = -0.714685

[node name="starting_pad" parent="." index="2"]
position = Vector2( 1136.5, 3165.08 )

[node name="finish_pad" parent="." index="3"]
position = Vector2( 4894.36, 3407.45 )

[node name="level_sprite" parent="." index="4"]
texture = ExtResource( 4 )

[node name="ground" parent="." index="5"]
visible = false

[node name="CollisionPolygon2D" parent="ground" index="0"]
visible = true
polygon = PoolVector2Array( 5.09906, 2039.02, 567.999, 2825, 730.999, 3162, 1289.61, 3172, 1726.69, 3416.31, 1831.04, 3501.03, 2088.87, 3803.05, 2188.32, 3888.99, 2325.82, 3961.43, 2530.85, 4020.36, 2803.41, 4055.96, 3077.2, 4055.96, 3290.82, 4025.27, 3646.86, 3941.79, 3961.16, 3837.43, 4243.54, 3709.74, 4443.66, 3591.88, 4689.21, 3415.09, 5253.97, 3395.44, 5671.4, 3005.02, 6001.66, 2204.54, 5674.22, 4700.68, 363.679, 4560.57 )

[node name="bounds" parent="." index="6"]
visible = false

[node name="CollisionPolygon2D" parent="bounds" index="0"]
visible = true
polygon = PoolVector2Array( 553.824, 416.261, 5514.23, 416.741, 5514.23, 4830.51, 553.824, 4847.96 )

[node name="ship" parent="ship" index="0" instance=ExtResource( 5 )]
position = Vector2( 1131.25, 3084.42 )
